<record xmlns="http://www.loc.gov/MARC21/slim" xmlns:xsi="http://www.w3.org/2001/XMLSchema-instance" xsi:schemaLocation="http://www.loc.gov/MARC21/slim http://www.loc.gov/standards/marcxml/schema/MARC21slim.xsd"><leader>     nam a22        4500</leader><controlfield tag="001">001681984</controlfield><controlfield tag="003">NNU</controlfield><controlfield tag="006">m        d        </controlfield><controlfield tag="007">cr cn |||m|||a</controlfield><controlfield tag="008">150313s1955    ir a    o     000 0bara  </controlfield><datafield ind1=" " ind2=" " tag="040"><subfield code="a">NNU</subfield><subfield code="b">eng</subfield><subfield code="c">NNU</subfield></datafield><datafield ind1="1" ind2=" " tag="100"><subfield code="a">al-R&#257;wand&#299;, Fa&#7693;l All&#257;h ibn &#699;Al&#299;,</subfield><subfield code="d">12th cent.</subfield></datafield><datafield ind1="1" ind2="0" tag="245"><subfield code="a">D&#299;w&#257;n</subfield><subfield code="h">[electronic resource] :</subfield><subfield code="b">al-Sayyid al-Im&#257;n &#7692;iy&#257;&#700; al-Din Ab&#299; al-Ri&#7693;&#257; Fa&#7693;l All&#257;h al-&#7716;asan&#299; al-R&#257;wand&#299; al-Q&#257;s&#257;ni. &#699;Uniya bi-ta&#7779;&#7717;ihih wa-&#7789;ab&#699; ih al-Sayyid Jal&#257;l al-D&#299;n al-Urmaw&#299; al-mushtahir bi-al-Mu&#7717;addith. al-Tab&#700; ah 1.</subfield></datafield><datafield ind1=" " ind2=" " tag="260"><subfield code="a">[&#7788;ihr&#257;n?] :</subfield><subfield code="b">Ma&#7789;ba&#699;at al-Majlis,</subfield><subfield code="c">[1955]</subfield></datafield><datafield ind1=" " ind2=" " tag="300"><subfield code="a">online resource (40, 311 p.) :</subfield><subfield code="b">facsims.</subfield></datafield><datafield ind1=" " ind2=" " tag="500"><subfield code="a">Part of the Arabic Collections Online (ACO) project, contributed by New York Univeristy Libraries.</subfield></datafield><datafield ind1=" " ind2=" " tag="533"><subfield code="a">Electronic reproduction.</subfield><subfield code="b">New York, N.Y. :</subfield><subfield code="c">New York University,</subfield><subfield code="d">2015.</subfield><subfield code="5">NNU</subfield></datafield><datafield ind1="1" ind2=" " tag="700"><subfield code="a">Mu&#7717;addis&#818;, Jal&#257;l al-D&#299;n &#7716;usayn&#299;</subfield></datafield><datafield ind1="2" ind2=" " tag="710"><subfield code="a">New York University.</subfield><subfield code="b">Libraries.</subfield></datafield><datafield ind1="0" ind2=" " tag="730"><subfield code="a">Arabic Collections Online.</subfield></datafield><datafield ind1="0" ind2="8" tag="776"><subfield code="i">Print version:</subfield><subfield code="a">al-R&#257;wand&#299;, Fa&#7693;l All&#257;h ibn &#699;Al&#299;, 12th cent.</subfield><subfield code="t">D&#299;w&#257;n</subfield><subfield code="w">(NNU)001681984</subfield><subfield code="w">(DLC)ne 68001311</subfield></datafield><datafield ind1="4" ind2="0" tag="856"><subfield code="u">http://hdl.handle.net/2333.1/tht76kvw</subfield></datafield><datafield ind1=" " ind2=" " tag="959"><subfield code="a">NNU</subfield><subfield code="b">WEB</subfield><subfield code="c">GENI</subfield><subfield code="t">0</subfield><subfield code="m">Electronic access</subfield><subfield code="s">01</subfield></datafield><datafield ind1=" " ind2=" " tag="999"><subfield code="i">NNU_001681984</subfield><subfield code="s">nyu_aco000594</subfield><subfield code="e">(ERROR-880)</subfield></datafield></record>